@article{wolpert2009trembling,
  title={Trembling hand perfection for mixed quantal/best response equilibria},
  author={Wolpert, David H},
  journal={International Journal of Game Theory},
  volume={38},
  number={4},
  pages={539--551},
  year={2009},
  publisher={Springer}
}

@article{cochran1968errors,
  title={Errors of measurement in statistics},
  author={Cochran, William G},
  journal={Technometrics},
  volume={10},
  number={4},
  pages={637--666},
  year={1968},
  publisher={Taylor \& Francis Group}
}

@article{mittal2011trembling,
  title={Trembling Hand Perfection in Repeated Two Stackelberg Leader and Follower},
  author={Mittal, Prakash Chandra and Yadav, Sri Krishan and Sharma, KC},
  journal={Dronacharya Research Journal},
  volume={3},
  number={2},
  year={2011}
}

@article{van1997games,
  title={Games with imperfectly observable commitment},
  author={Van Damme, Eric and Hurkens, Sjaak},
  journal={Games and Economic Behavior},
  volume={21},
  number={1},
  pages={282--308},
  year={1997},
  publisher={Elsevier}
}

@article{charland2011mobile,
  title={Mobile application development: web vs. native},
  author={Charland, Andre and Leroux, Brian},
  journal={Communications of the ACM},
  volume={54},
  number={5},
  pages={49--53},
  year={2011},
  publisher={ACM}
}

@inproceedings{wang2009framework,
  title={A framework of energy efficient mobile sensing for automatic user state recognition},
  author={Wang, Yi and Lin, Jialiu and Annavaram, Murali and Jacobson, Quinn A and Hong, Jason and Krishnamachari, Bhaskar and Sadeh, Norman},
  booktitle={Proceedings of the 7th international conference on Mobile systems, applications, and services},
  pages={179--192},
  year={2009},
  organization={ACM}
}

@conference{JCW14,
	author	=	"",
	title	=	"Crowdsourcing with Trembles: Incentive Mechanisms for Uncertain Mobile Phone Sensing",
	booktitle	=	"Technical Report.",
	url = "https://sites.google.com/site/techicalreports/mobihoc14/technicalreport.pdf",
	}

@article{damien2001sampling,
  title={Sampling truncated normal, beta, and gamma densities},
  author={Damien, Paul and Walker, Stephen G},
  journal={Journal of Computational and Graphical Statistics},
  volume={10},
  number={2},
  year={2001}
}

@inproceedings{Lv:2013,
 author = {Lv, Yuezhou and Moscibroda, Thomas},
 title = {Fair and Resilient Incentive Tree Mechanisms},
 booktitle = {Proceedings of the 2013 ACM Symposium on Principles of Distributed Computing},
 series = {PODC '13},
 year = {2013},
 isbn = {978-1-4503-2065-8},
 location = {Montr\&\#233;al, Qu\&\#233;bec, Canada},
 pages = {230--239},
 numpages = {10},
 url = {http://doi.acm.org/10.1145/2484239.2484252},
 doi = {10.1145/2484239.2484252},
 acmid = {2484252},
 publisher = {ACM},
 address = {New York, NY, USA},
 keywords = {incentive trees, multi-level marketing, reward mechanisms},
} 




@inproceedings{prather1997medical,
  title={Medical data mining: knowledge discovery in a clinical data warehouse.},
  author={Prather, Jonathan C and Lobach, David F and Goodwin, Linda K and Hales, Joseph W and Hage, Marvin L and Hammond, W Edward},
  booktitle={Proceedings of the AMIA Annual Fall Symposium},
  pages={101},
  year={1997},
  organization={American Medical Informatics Association}
}

@article{chen1996data,
  title={Data mining: an overview from a database perspective},
  author={Chen, Ming-Syan and Han, Jiawei and Yu, Philip S.},
  journal={Knowledge and data Engineering, IEEE Transactions on},
  volume={8},
  number={6},
  pages={866--883},
  year={1996},
  publisher={IEEE}
}

@inproceedings{chon2013understanding,
  title={Understanding the coverage and scalability of place-centric crowdsensing},
  author={Chon, Yohan and Lane, Nicholas D and Kim, Yunjong and Zhao, Feng and Cha, Hojung},
  booktitle={Proceedings of the 2013 ACM international joint conference on Pervasive and ubiquitous computing},
  pages={3--12},
  year={2013},
  organization={ACM}
}

@inproceedings{chon2012automatically,
  title={Automatically characterizing places with opportunistic crowdsensing using smartphones},
  author={Chon, Yohan and Lane, Nicholas D and Li, Fan and Cha, Hojung and Zhao, Feng},
  booktitle={Proceedings of the 2012 ACM Conference on Ubiquitous Computing},
  pages={481--490},
  year={2012},
  organization={ACM}
}

@inproceedings{Cao:2013,
  title={Providing privacy-aware incentives for mobile sensing},
  author={Li, Qinghua and Cao, Guohong},
  booktitle={Proceedings of the 2013 IEEE PerCom},
  pages={76--84},
  year={2013}
}

@inproceedings{ra2012medusa,
  title={Medusa: A programming framework for crowd-sensing applications},
  author={Ra, Moo-Ryong and Liu, Bin and La Porta, Tom F and Govindan, Ramesh},
  booktitle={Proceedings of the 10th international conference on Mobile systems, applications, and services},
  pages={337--350},
  year={2012},
  organization={ACM}
}

@article{hand2007principles,
  title={Principles of data mining},
  author={Hand, David J},
  journal={Drug safety},
  volume={30},
  number={7},
  pages={621--622},
  year={2007},
  publisher={Springer}
}

@article{fayyad1996data,
  title={From data mining to knowledge discovery in databases},
  author={Fayyad, Usama and Piatetsky-Shapiro, Gregory and Smyth, Padhraic},
  journal={AI magazine},
  volume={17},
  number={3},
  pages={37},
  year={1996}
}

@inproceedings{Rachuri:2010,
 author = {Rachuri, Kiran K. and Musolesi, Mirco and Mascolo, Cecilia and Rentfrow, Peter J. and Longworth, Chris and Aucinas, Andrius},
 title = {EmotionSense: a mobile phones based adaptive platform for experimental social psychology research},
 booktitle = {Proceedings of the 12th ACM international conference on Ubiquitous computing},
 series = {Ubicomp '10},
 year = {2010},
 isbn = {978-1-60558-843-8},
 location = {Copenhagen, Denmark},
 pages = {281--290},
 numpages = {10},
 acmid = {1864393},
 publisher = {ACM},
 address = {New York, NY, USA},
 keywords = {emotion recognition, energy efficiency, mobile phones, social psychology, speaker recognition},
} 

@INPROCEEDINGS{Mun09peir,
    author = {Min Mun and Sasank Reddy and Katie Shilton and Nathan Yau and Jeff Burke and Deborah Estrin and Mark Hansen and Eric Howard and Ruth West and P.~Boda},
    title = {PEIR: the personal environmental impact report, as a platform for participatory sensing systems research},
    booktitle = {Proc. ACM/USENIX Int. Conf. Mobile Systems, Applications, and Services (MobiSys) Krakow},
    year = {2009}
}

@inproceedings{Kim:2011,
 author = {Kim, Byoungjip and Ha, Jin-Young and Lee, SangJeong and Kang, Seungwoo and Lee, Youngki and Rhee, Yunseok and Nachman, Lama and Song, Junehwa},
 title = {AdNext: a visit-pattern-aware mobile advertising system for urban commercial complexes},
 booktitle = {Proceedings of the 12th Workshop on Mobile Computing Systems and Applications},
 series = {HotMobile '11},
 year = {2011},
 isbn = {978-1-4503-0649-2},
 location = {Phoenix, Arizona},
 pages = {7--12},
 numpages = {6},
 acmid = {2184492},
 publisher = {ACM},
 address = {New York, NY, USA},
 keywords = {mobile advertising, prediction models, sequential visit patterns, user survey, wi-fi localization},
} 

@inproceedings{yang:crowdsourcing,
  title={Crowdsourcing to smartphones: incentive mechanism design for mobile phone sensing},
  author={Yang, Dejun and Xue, Guoliang and Fang, Xi and Tang, Jian},
  booktitle={Proceedings of the 18th annual international conference on Mobile computing and networking},
  pages={173--184},
  year={2012},
  organization={ACM}
}
	
@book{basar:game,
    author    = "T.~Basar and G.~J. Olsder and G.~J. Clsder and T.~Basar and T.~Baser",
    title     = "Dynamic noncooperative game theory",
    publisher = "London: Academic press",
    volume   = "200",
    year      = "1995"}

@book{Grimes:sensor,
    author    = "C. A. Grimes and E. C. Dickey and M. V. Pishko",
    title     = "Encyclopedia of Sensors",
    publisher = " American Scientific Publishers",
    volume   = "6",
    year      = "2006"}

@conference{JC13,
	author	=	"S. Ji and T. Chen and F. Wu",
	title	=	"Crowdsourcing with Trembles: Incentive Mechanisms for Error-Prone Mobile Phone Sensing",
	booktitle	=	"Technical Report, Oklahoma State University.",
	url 	=	"http://goo.gl/F4P0PK",
	year	=	"2013",
	month	=	"July"}
	
@article{selten:te,
    author    = "R.~Selten",
    title     = "A reexamination of the perfectness concept for equilibrium points in extensive games",
    journal = "International journal of game theory",
    volume  = "4",
    number  = "1",
    pages   = "25--55",
    year      = "1975"}
	
@article{simon:thp_infinite,
    author    = "L.~K. Simon and M.~B. Stinchcombe",
    title     = "Equilibrium refinement for infinite normal-form games",
    journal = "Econometrica: Journal of the Econometric Society",
    pages   = "1421--1443",
    year      = "1995"}
	
@article{carbonell:discontinuous,
    author    = "O.~Carbonell-Nicolau",
    title     = "The existence of perfect equilibrium in discontinuous games",
    journal = "Games",
	volume  = "2",
    number  = "3",
    pages   = "235--256",
    year      = "2011"}
	
@article{lane:survey_mobile_sensing,
    author    = "N.~D. Lane and E.~Miluzzo and H.~Lu and D.~Peebles and T.~Choudhury and A.~T. Campbell",
    title     = "A survey of mobile phone sensing",
    journal = "Communications Magazine, IEEE",
	volume  = "48",
    number  = "9",
    pages   = "140--150",
    year      = "2010"}
	
@article{ganti:survey_crowdsensing,
    author    = "R.~K. Ganti and K.~Raghu and F.~Ye and H.~Lei",
    title     = "Mobile crowdsensing: Current state and future challenges",
    journal = "Communications Magazine, IEEE",
	volume  = "49",
    number  = "11",
    pages   = "32--39",
    year      = "2011"}
	
@article{chat:crowdsourcing_smartphones,
    author    = "G.~Chatzimilioudis and A.~Konstantinidis and C.~Laoudias and D.~Zeinalipour-Yazti",
    title     = "Crowdsourcing with smartphones",
    journal = "Internet Computing, IEEE",
	volume  = "16",
    number  = "5",
    pages   = "36--44",
    year      = "2012"}
	
@conference{sheng:s2aas,
	author	=	"X.~Sheng and X.~Xiao and J.~Tang and G.~Xue",
	title	=	"Sensing as a service: A cloud computing system for mobile phone sensing",
	booktitle	=	"Sensors, 2012 IEEE",
	year	=	"2012",
	month	=	"October"}
	
@article{feng:imac,
    author    = "Z.~Feng and Y.~Zhu and L.~M. Ni",
    title     = "iMac: Strategy-Proof Incentive Mechanism for Mobile Crowdsourcing",
    journal = "Wireless Algorithms, Systems, and Applications",
	volume  = "7992",
    pages   = "337--350",
    year      = "2013"}
	
@conference{venetis:error,
	author	=	"P.~Venetis and H.~Garcia-Molina and K.~Huang and N.~Polyzotis",
	title	=	"Max algorithms in crowdsourcing environments",
	booktitle	=	"World Wide Web, ACM",
	year	=	"2012",
	month	=	"October"}
	
@article{eagle:error,
    author    = "N.~Eagle",
    title     = "txteagle: Mobile crowdsourcing",
    journal = "Internationalization, Design and Global Development",
	volume  = "5623",
    pages   = "447--456",
    year      = "2009"}
	
@article{satzger:market_auction,
    author    = "B.~Satzger and H.~Psaier and D.~Schall and S.~Dustdar",
    title     = "Stimulating skill evolution in market-based crowdsourcing",
    journal = "Business Process Management",
	volume  = "6896",
    pages   = "66--82",
    year      = "2011"}
	
@conference{lev:all_pay_auction,
	author	=	"O.~Lev and M.~Polukarov and Y.~Bachrach and J.~S. Rosenschein",
	title	=	"Mergers and collusion in all-pay auctions and crowdsourcing contests",
	booktitle	=	"Proceedings of the 2013 international conference on Autonomous agents and multi-agent systems (AAMAS '13)",
	year	=	"2013",
	pages	=	"675--682",
	month	=	"May"}
	
@article{afuah:local_search,
    author    = "A.~Afuah and C.~L. Tucci",
    title     = "Crowdsourcing as a solution to distant search",
    journal = "Academy of Management Review",
	volume  = "37",
	number	= "3",
    pages   = "355--375",
    year      = "2012"}
	
@conference{huang:strategy_proof,
	author	=	"Q.~Huang and Y.~Tao and F.~Wu",
	title	=	"SPRING: A Strategy-Proof and Privacy Preserving Spectrum Auction Mechanism",
	booktitle	=	"IEEE International Conference on Computer Communications (IEEE INFOCOM 2013)",
	year	=	"2013",
	pages	=	"14--19",
	month	=	"April"}
	
@conference{babaioff:strategy_proof,
	author	=	"M.~Babaioff and S.~Dughmi and R.~Kleinberg and A.~Slivkins",
	title	=	"Dynamic pricing with limited supply",
	booktitle	=	"Proceedings of the 13th ACM Conference on Electronic Commerce",
	year	=	"2012",
	pages	=	"74--91",
	month	=	"June"}
	
@article{wu:anonymity,
    author    = "S.~Wu and Z.~Zhang and A.~Tung and X.~Wang and S.~Wang",
    title     = "K-Anonymity for Crowdsourcing Database",
    journal = "IEEE Transactions on Knowledge and Data Engineering",
    volume  = "1",
    year      = "2013"}

@article{harsanyi:bayesian,
    author    = "J.~C. Harsanyi",
    title     = "Games with Incomplete Information Played by Bayesian Players, I-III",
    journal = "Management Science",
    volume  = "50",
	number 	= "2",
	pages	=	"1804--1817",
    year      = "2004"}
	
@conference{azar:bayesian,
	author	=	"P.~Azar and J.~Chen and S.~Micali",
	title	=	"Crowdsourced Bayesian Auctions",
	booktitle	=	"Proceedings of the 3rd Innovations in Theoretical Computer Science Conference",
	year	=	"2012",
	pages	=	"236--248",
	month	=	"January"}

@inproceedings{koutsopoulos2013optimal,
  title={Optimal incentive-driven design of participatory sensing systems},
  author={Koutsopoulos, Iordanis},
  booktitle={INFOCOM, 2013 Proceedings IEEE},
  pages={1402--1410},
  year={2013},
  organization={IEEE}
}

@article{burkardt2014truncated,
  title={The Truncated Normal Distribution},
  author={Burkardt, John},
  journal = "Department of Scientific Computing Website, Florida State University",
  year={2014}
}

@article{wmb,
  title={Why are Normal Distributions Normal?},
  author={Aidan Lyon},
  journal = "The British Journal for the Philosophy of Science",
  volume = "65",
  number = "3",
  year={2014}
}